<?xml version="1.0" encoding="UTF-8"?><collection xmlns="http://www.loc.gov/MARC21/slim"><record><leader>00397nam--2200133-i-4500</leader><controlfield tag="001">000041186</controlfield><controlfield tag="002">20161230</controlfield><controlfield tag="005">20161230201043</controlfield><controlfield tag="008">060222s1000------------r-----000-0-eng-d</controlfield><datafield ind1=" " ind2=" " tag="100"><subfield code="a">Segal, I.E</subfield></datafield><datafield ind1=" " ind2=" " tag="245"><subfield code="a">Foundations of the theory of dynamical systems of infinitely many degrees of freedom</subfield></datafield><datafield ind1=" " ind2=" " tag="260"><subfield code="a">Kobenhavn, Ejnar Munksgaard, 1959, 39p</subfield></datafield><datafield ind1=" " ind2=" " tag="490"><subfield code="a">Mat.Fys.Medd.Dan.Vid.Selsk</subfield></datafield><datafield ind1=" " ind2=" " tag="852"><subfield code="a">13810</subfield></datafield></record></collection>